<collection xmlns="http://www.loc.gov/MARC21/slim">
<record>
  <leader>01312nam0a2200277 i 450 </leader>
  <controlfield tag="001">IT\ICCU\CNCE\062071</controlfield>
  <controlfield tag="005">20130919000000.0</controlfield>
  <datafield tag="012" ind1=" " ind2=" ">
    <subfield code="a">imom isi- **is SeQu (C) 1531 (T)</subfield>
    <subfield code="2">fei</subfield>
  </datafield>
  <datafield tag="100" ind1=" " ind2=" ">
    <subfield code="a">20051024d1531        0itac0103    ba</subfield>
  </datafield>
  <datafield tag="101" ind1=" " ind2=" ">
    <subfield code="a">LAT</subfield>
  </datafield>
  <datafield tag="102" ind1=" " ind2=" ">
    <subfield code="a">IT</subfield>
  </datafield>
  <datafield tag="200" ind1="1" ind2=" ">
    <subfield code="a">℗Iunioris Ludouici Pariseti Regiensis ℗De perfectiori humanae vitae foelicitate</subfield>
  </datafield>
  <datafield tag="210" ind1=" " ind2=" ">
    <subfield code="a">\Parma</subfield>
    <subfield code="c">Antonio Viotti!</subfield>
    <subfield code="e">Impressum Parmae</subfield>
    <subfield code="g">in aedibus Antonii de Viottis</subfield>
    <subfield code="h">1531 die quartadecima mensis Aprilis</subfield>
  </datafield>
  <datafield tag="215" ind1=" " ind2=" ">
    <subfield code="a">\40! c.</subfield>
    <subfield code="d">8ʻ</subfield>
  </datafield>
  <datafield tag="620" ind1=" " ind2=" ">
    <subfield code="a">IT</subfield>
    <subfield code="d">Parma</subfield>
  </datafield>
  <datafield tag="700" ind1=" " ind2="1">
    <subfield code="a">Parisetti,</subfield>
    <subfield code="b">Lodovico</subfield>
    <subfield code="3">IT\ICCU\CNCA\012548</subfield>
  </datafield>
  <datafield tag="712" ind1="0" ind2="0">
    <subfield code="a">Viotti, Antonio</subfield>
    <subfield code="3">IT\ICCU\CNCT\000637</subfield>
    <subfield code="4">650</subfield>
  </datafield>
  <datafield tag="790" ind1=" " ind2="1">
    <subfield code="a">Parisetus,</subfield>
    <subfield code="b">Ludovicus</subfield>
    <subfield code="3">IT\ICCU\CNCA\021574</subfield>
    <subfield code="z">Parisetti, Lodovico</subfield>
  </datafield>
  <datafield tag="791" ind1="0" ind2="0">
    <subfield code="a">Viotto, Antonio</subfield>
    <subfield code="3">IT\ICCU\CNCT\005889</subfield>
    <subfield code="z">Viotti, Antonio</subfield>
  </datafield>
  <datafield tag="791" ind1="0" ind2="0">
    <subfield code="a">Viottus, Antonius</subfield>
    <subfield code="3">IT\ICCU\CNCT\005890</subfield>
    <subfield code="z">Viotti, Antonio</subfield>
  </datafield>
  <datafield tag="791" ind1="0" ind2="0">
    <subfield code="a">Viottis, Antonius de</subfield>
    <subfield code="3">IT\ICCU\CNCT\005891</subfield>
    <subfield code="z">Viotti, Antonio</subfield>
  </datafield>
  <datafield tag="801" ind1=" " ind2="3">
    <subfield code="a">IT</subfield>
    <subfield code="b">ICCU</subfield>
    <subfield code="c">20201115</subfield>
  </datafield>
  <datafield tag="899" ind1=" " ind2=" ">
    <subfield code="a">Biblioteca Palatina. Parma</subfield>
    <subfield code="1">PR0072</subfield>
    <subfield code="2">PAR PA</subfield>
  </datafield>
  <datafield tag="899" ind1=" " ind2=" ">
    <subfield code="a">Biblioteca  Panizzi. Reggio Emilia</subfield>
    <subfield code="1">RE0052</subfield>
    <subfield code="2">RE2 PA</subfield>
  </datafield>
  <datafield tag="899" ind1=" " ind2=" ">
    <subfield code="a">Biblioteca nazionale Marciana. Venezia</subfield>
    <subfield code="1">VE0049</subfield>
    <subfield code="2">VEA BM</subfield>
  </datafield>
  <datafield tag="921" ind1=" " ind2=" ">
    <subfield code="a">IT\ICCU\CNCM\002203</subfield>
    <subfield code="b">Iniziali A.V. sormontate da croce doppia. In cornice.</subfield>
    <subfield code="c">U739</subfield>
    <subfield code="d">Dimensioni: 2,8 x 4,7</subfield>
    <subfield code="f">INIZIALI</subfield>
    <subfield code="f">AV</subfield>
    <subfield code="f">CROCE</subfield>
    <subfield code="g">[1524?]-1540</subfield>
  </datafield>
</record>
</collection>
